@article{DwyerUman2014,
title = "The physics of lightning",
journal = "Physics Reports",
volume = "534",
number = "4",
pages = "147 - 241",
year = "2014",
note = "The Physics of Lightning",
issn = "0370-1573",
doi = "https://doi.org/10.1016/j.physrep.2013.09.004",
url = "http://www.sciencedirect.com/science/article/pii/S037015731300375X",
author = "Dwyer, J. R. and Uman, M. A. "
}

@article{Maiorana2014,
  title = {Selection, Reconstruction and Modelling of Transient Luminous Events Called ELVES with Data from Pierre Auger Observatory},
  author = {Maiorana, C.},
  journal = {Universit\'{a} degli Studi di Torino},
  year={2017} 

}

@book{FullekrugEtal2006,
  title={Sprites, elves and intense lightning discharges},
  author={F{\"u}llekrug, M. and Mareev, E. A. and Rycroft, M. J.},
  volume={225},
  year={2006},
  publisher={Springer Science \& Business Media}
}

@misc{Gaskill2018,
  author = {Gaskill, M.},
  title = {Once upon a time in a thunderstorm},
  year = {2018},
  url = {https://phys.org/news/2018-04-thunderstorm.html},
  urldate = {2019-11-13}
}

@article{KumarEtal2018,
  title={Lightning discharges, cosmic rays and climate},
  author={Kumar, Sanjay and Siingh, Devendraa and Singh, RP and Singh, AK and Kamra, AK},
  journal={Surveys in Geophysics},
  volume={39},
  number={5},
  pages={861--899},
  year={2018},
  publisher={Springer}
}

@article{MussaCiaccio2012,
  title={Observation of ELVES at the Pierre Auger Observatory},
  author={Mussa, R. and Ciaccio, G. and Pierre Auger Collaboration and others},
  journal={The European Physical Journal Plus},
  volume={127},
  number={8},
  pages={94},
  year={2012},
  publisher={Springer}
}

@article{AbrahamEtal2010,
  title={The fluorescence detector of the Pierre Auger Observatory},
  author={Abraham, J. and Abreu, P. and Aglietta, M. and Aguirre, C. and Ahn, E.J. and Allard, D. and Allekotte, I. and Allen, J. and Allison, P. and Alvarez-Mu{\~n}iz, J. and others},
  journal={Nuclear Instruments and Methods in Physics Research Section A: Accelerators, Spectrometers, Detectors and Associated Equipment},
  volume={620},
  number={2-3},
  pages={227--251},
  year={2010},
  publisher={Elsevier}
}

@article{KumarEtal2018,
  title={Lightning discharges, cosmic rays and climate},
  author={Kumar, Sanjay and Siingh, Devendraa and Singh, R. P. and Singh, A. K. and Kamra, A. K.},
  journal={Surveys in Geophysics},
  volume={39},
  number={5},
  pages={861--899},
  year={2018},
  publisher={Springer}
}

@inproceedings{Mussa2019,
  title={Analysis of ELVES at the Pierre Auger Observatory},
  author={Mussa, R},
  booktitle={EPJ Web Conf.},
  volume={197},
  pages={03004},
  year={2019}
}

@article{VanEtal2019,
  title={Gigantic jet discharges evolve stepwise through the middle atmosphere},
  author={van der Velde, Oscar A and Montany{\`a}, Joan and L{\'o}pez, Jes{\'u}s A and Cummer, Steven A},
  journal={Nature communications},
  volume={10},
  number={1},
  pages={1--10},
  year={2019},
  publisher={Nature Publishing Group}
}

@article{MussaCiaccio2012,
  title={Observation of ELVES at the Pierre Auger Observatory},
  author={Mussa, R and Ciaccio, G and Pierre Auger Collaboration and others},
  journal={The European Physical Journal Plus},
  volume={127},
  number={8},
  pages={94},
  year={2012},
  publisher={Springer}
}

@article{FukunishiEtal1996,
  title={Elves: Lightning-induced transient luminous events in the lower ionosphere},
  author={Fukunishi, H and Takahashi, Y and Kubota, M and Sakanoi, K and Inan, US and Lyons, WA},
  journal={Geophysical Research Letters},
  volume={23},
  number={16},
  pages={2157--2160},
  year={1996},
  publisher={Wiley Online Library}
}

@article{BoeckEtal1992,
  title={Lightning induced brightening in the airglow layer},
  author={Boeck, WL and Vaughan Jr, O\_H and Blakeslee, R and Vonnegut, B and Brook, M},
  journal={Geophysical research letters},
  volume={19},
  number={2},
  pages={99--102},
  year={1992},
  publisher={Wiley Online Library}
}

@article{InanEtal1997,
  title={Rapid lateral expansion of optical luminosity in lightning-induced ionospheric flashes referred to as â€˜elves'},
  author={Inan, US and Barrington-Leigh, Christopher and Hansen, S and Glukhov, VS and Bell, TF and Rairden, R},
  journal={Geophysical Research Letters},
  volume={24},
  number={5},
  pages={583--586},
  year={1997},
  publisher={Wiley Online Library}
}

@article{CummerEtal2006,
  title={Submillisecond imaging of sprite development and structure},
  author={Cummer, Steven A and Jaugey, Nicolas and Li, Jingbo and Lyons, Walter A and Nelson, Thomas E and Gerken, Elizabeth A},
  journal={Geophysical Research Letters},
  volume={33},
  number={4},
  year={2006},
  publisher={Wiley Online Library}
}

@article{GurevichEtal2009,
  title={Nonlinear phenomena in the ionospheric plasma. Effects of cosmic rays and runaway breakdown on thunderstorm discharges},
  author={Gurevich, Aleksandr V and Karashtin, AN and Ryabov, Vladimir A and Chubenko, Aleksandr P and Shepetov, Aleksandr L},
  journal={Physics Uspekhi},
  volume={52},
  number={2009},
  pages={735},
  year={2009}
}

@article{MarshallEtal2005,
  title={Observed electric fields associated with lightning initiation},
  author={Marshall, TC and Stolzenburg, M and Maggio, CR and Coleman, LM and Krehbiel, PR and Hamlin, T and Thomas, RJ and Rison, W},
  journal={Geophysical research letters},
  volume={32},
  number={3},
  year={2005},
  publisher={Wiley Online Library}
}

@article{DwyerEtal2006,
  title={Runaway breakdown in the Jovian atmospheres},
  author={Dwyer, Joseph R and Coleman, Lee M and Lopez, R and Saleh, Z and Concha, D and Brown, M and Rassoul, Hamid K},
  journal={Geophysical research letters},
  volume={33},
  number={22},
  year={2006},
  publisher={Wiley Online Library}
}

@article{StolzenburgEtal2007,
  title={Electric field values observed near lightning flash initiations},
  author={Stolzenburg, Maribeth and Marshall, Thomas C and Rust, W David and Bruning, Eric and MacGorman, Donald R and Hamlin, Timothy},
  journal={Geophysical Research Letters},
  volume={34},
  number={4},
  year={2007},
  publisher={Wiley Online Library}
}

@article{AlbrechtEtal2016,
  title={Where are the lightning hotspots on Earth?},
  author={Albrecht, Rachel I and Goodman, Steven J and Buechler, Dennis E and Blakeslee, Richard J and Christian, Hugh J},
  journal={Bulletin of the American Meteorological Society},
  volume={97},
  number={11},
  pages={2051--2068},
  year={2016}
}